
@article{mahesh2020machine,
  title={Machine learning algorithms-a review},
  author={Mahesh, Batta and others},
  journal={International Journal of Science and Research (IJSR).[Internet]},
  volume={9},
  number={1},
  pages={381--386},
  year={2020}
}

@inproceedings{navada2011overview,
  title={Overview of use of decision tree algorithms in machine learning},
  author={Navada, Arundhati and Ansari, Aamir Nizam and Patil, Siddharth and Sonkamble, Balwant A},
  booktitle={2011 IEEE control and system graduate research colloquium},
  pages={37--42},
  year={2011},
  organization={IEEE}
}

@misc{plantuml,
  title = {Open-source tool that uses simple textual descriptions to draw beautiful UML diagrams},
  year = {n.d.},
  published = {\url{https://plantuml.com/}},
  note = {Accessed April 14, 2025},
}

@misc{scrum2025,
  author = {{Scrum}},
  title = {What Is Scrum?},
  year = {2025},
  howpublished = {\url{https://www.scrum.org/resources/what-scrum-module}},
  note = {Accessed April 14, 2025},
}

@misc{Samuel1959,
  author       = {Samuel, Arthur L.},
  title        = {Some Studies in Machine Learning Using the Game of Checkers},
  year         = {1959},
  journal      = {IBM Journal of Research and Development},
  volume       = {3},
  number       = {3},
  pages        = {210--229},
  doi          = {10.1147/rd.33.0210}
}

@book{Bishop2006,
  author    = {Bishop, Christopher M.},
  title     = {Pattern Recognition and Machine Learning},
  publisher = {Springer},
  year      = {2006},
  address   = {New York}
}

@book{Hastie2009,
  author    = {Hastie, Trevor and Tibshirani, Robert and Friedman, Jerome},
  title     = {The Elements of Statistical Learning: Data Mining, Inference, and Prediction},
  publisher = {Springer},
  year      = {2009},
  edition   = {2nd},
  address   = {New York},
  doi       = {10.1007/978-0-387-84858-7}
}

@article{Schaerf1999,
  author  = {Schaerf, Andrea},
  title   = {A Survey of Automated Timetabling},
  journal = {Artificial Intelligence Review},
  year    = {1999},
  volume  = {13},
  number  = {2},
  pages   = {87--127},
  doi     = {10.1023/A:1006576009967}
}

@book{Eiben2003,
  author    = {Eiben, A. E. and Smith, J. E.},
  title     = {Introduction to Evolutionary Computing},
  publisher = {Springer},
  year      = {2003},
  series    = {Natural Computing Series},
  address   = {Berlin, Heidelberg},
  doi       = {10.1007/978-3-662-05094-1}
}

@book{Rossi2006,
  editor    = {Rossi, Francesca and van Beek, Peter and Walsh, Toby},
  title     = {Handbook of Constraint Programming},
  publisher = {Elsevier},
  year      = {2006},
  series    = {Foundations of Artificial Intelligence},
  volume    = {2}
}

@book{Winston2004,
  author    = {Winston, Wayne L.},
  title     = {Operations Research: Applications and Algorithms},
  publisher = {Thomson Brooks/Cole},
  year      = {2004},
  edition   = {4th}
}

@book{Richards2015,
  author    = {Richards, Mark},
  title     = {Software Architecture Patterns},
  publisher = {O'Reilly Media},
  year      = {2015}
}

@book{Newman2015,
  author    = {Newman, Sam},
  title     = {Building Microservices: Designing Fine-Grained Systems},
  publisher = {O'Reilly Media},
  year      = {2015}
}

@book{Martin2017,
  author    = {Martin, Robert C.},
  title     = {Clean Architecture: A Craftsman's Guide to Software Structure and Design},
  publisher = {Prentice Hall},
  year      = {2017}
}

@book{Evans2003,
  author    = {Evans, Eric},
  title     = {Domain-Driven Design: Tackling Complexity in the Heart of Software},
  publisher = {Addison-Wesley Professional},
  year      = {2003}
}

@misc{Osmani2017,
  author = {Osmani, Addy},
  title  = {Essential JavaScript Links - A curated list by Addy Osmani},
  year   = {2017},
  note   = {While not a single book, Osmani is a recognized authority on frontend patterns. A specific book like "Learning JavaScript Design Patterns" by Osmani could also be cited.},
  url    = {https://addyosmani.com/resources/essentialjsdesignpatterns/book/} 
}

@misc{Smith2005,
  author  = {Smith, John},
  title   = {WPF Apps With The Model-View-ViewModel Design Pattern},
  year    = {2005},
  journal = {MSDN Magazine},
  note    = {John Smith is often credited with documenting MVVM for WPF.}
}

@book{Cooper2014,
  author    = {Cooper, Alan and Reimann, Robert and Cronin, David and Noessel, Christopher},
  title     = {About Face: The Essentials of Interaction Design},
  publisher = {Wiley},
  year      = {2014},
  edition   = {4th}
}

@book{WomackJones2003,
  author    = {Womack, James P. and Jones, Daniel T.},
  title     = {Lean Thinking: Banish Waste and Create Wealth in Your Corporation},
  publisher = {Free Press},
  year      = {2003},
  edition   = {Revised and Updated}
}

@book{Knapp2016,
  author    = {Knapp, Jake and Zeratsky, John and Kowitz, Braden},
  title     = {Sprint: How to Solve Big Problems and Test New Ideas in Just Five Days},
  publisher = {Simon \& Schuster},
  year      = {2016}
}

@misc{Beck2001,
  author = {Beck, Kent and Beedle, Mike and van Bennekum, Arie and Cockburn, Alistair and Cunningham, Ward and Fowler, Martin and Grenning, James and Highsmith, Jim and Hunt, Andrew and Jeffries, Ron and Kern, Jon and Marick, Brian and Martin, Robert C. and Mellor, Steve and Schwaber, Ken and Sutherland, Jeff and Thomas, Dave},
  title  = {Manifesto for Agile Software Development},
  year   = {2001},
  url    = {https://agilemanifesto.org/}
}

@misc{SchwaberSutherland2020,
  author = {Schwaber, Ken and Sutherland, Jeff},
  title  = {The Scrum Guide},
  year   = {2020},
  month  = {November},
  url    = {https://scrumguides.org/scrum-guide.html}
}

@misc{Kniberg2010,
  author = {Kniberg, Henrik and Skarin, Mattias},
  title  = {Kanban and Scrum - Making the Most of Both},
  year   = {2010},
  publisher = {C4Media},
  url    = {https://www.infoq.com/minibooks/kanban-scrum-minibook/}
}

@book{Parmenter2015,
  author    = {Parmenter, David},
  title     = {Key Performance Indicators: Developing, Implementing, and Using Winning KPIs},
  publisher = {Wiley},
  year      = {2015},
  edition   = {3rd}
}

@book{Fowler2003,
  author    = {Fowler, Martin},
  title     = {UML Distilled: A Brief Guide to the Standard Object Modeling Language},
  publisher = {Addison-Wesley Professional},
  year      = {2003},
  edition   = {3rd}
}

@book{Jacobson1992,
  author    = {Jacobson, Ivar and Christerson, Magnus and Jonsson, Patrik and {\"O}vergaard, Gunnar},
  title     = {Object-Oriented Software Engineering: A Use Case Driven Approach},
  publisher = {Addison-Wesley},
  year      = {1992}
}

@misc{BrownC4,
  author = {Brown, Simon},
  title  = {The C4 model for visualising software architecture},
  year   = {Accesed 2025}, 
  url    = {https://c4model.com/}
}

@article{Ceri2000,
  author  = {Ceri, Stefano and Fraternali, Piero and Bongio, Aldo},
  title   = {Web Modeling Language (WebML): a modeling language for designing Web sites},
  journal = {Computer Networks},
  year    = {2000},
  volume  = {33},
  number  = {1-6},
  pages   = {137--157},
  doi     = {10.1016/S1389-1286(00)00040-4}
}

@book{Yin2018,
  author    = {Yin, Robert K.},
  title     = {Case Study Research and Applications: Design and Methods},
  publisher = {SAGE Publications},
  year      = {2018},
  edition   = {6th}
}

@misc{FowlerBackend,
  author = {Fowler, Martin},
  title  = {Patterns of Enterprise Application Architecture}, 
  year   = {2002},
  publisher = {Addison-Wesley Professional},
  note = {While older, foundational concepts remain relevant. Specific technology choices need more current refs.}
}

@misc{MicrosoftCSharp,
  author = {{Microsoft}},
  title  = {C\# documentation},
  year   = {Accesed 2025}, 
  url    = {https://docs.microsoft.com/en-us/dotnet/csharp/}
}

@misc{PythonSoftwareFoundation,
  author = {{Python Software Foundation}},
  title  = {Python Language Reference},
  year   = {Accesed 2025}, 
  url    = {https://www.python.org}
}

@book{Date2003,
  author    = {Date, C. J.},
  title     = {An Introduction to Database Systems},
  publisher = {Addison-Wesley},
  year      = {2003},
  edition   = {8th}
}

@book{SadalegeFowler2012,
  author    = {Sadalege, Pramod J. and Fowler, Martin},
  title     = {NoSQL Distilled: A Brief Guide to the Emerging World of Polyglot Persistence},
  publisher = {Addison-Wesley Professional},
  year      = {2012}
}

@misc{MicrosoftTypeScript,
  author = {{Microsoft}},
  title  = {TypeScript Documentation},
  year   = {Accesed 2025}, 
  url    = {https://www.typescriptlang.org/docs/}
}

@misc{FacebookReact,
  author = {{Meta} and community}, 
  title  = {React Documentation},
  year   = {Accesed 2025}, 
  url    = {https://reactjs.org/docs/getting-started.html}
}

@misc{Figma,
  author = {{Figma, Inc.}},
  title  = {Figma: The Collaborative Interface Design Tool},
  year   = {Accesed 2025}, 
  url    = {https://www.figma.com/}
}

@book{OsterwalderPigneur2010,
  author    = {Osterwalder, Alexander and Pigneur, Yves},
  title     = {Business Model Generation: A Handbook for Visionaries, Game Changers, and Challengers},
  publisher = {Wiley},
  year      = {2010}
}

@misc{ClickUp,
  author = {{ClickUp}},
  title  = {One app to replace them all},
  year   = {Accesed 2025}, 
  url    = {https://clickup.com/}
}

@misc{Taskwarrior,
  author = {{Taskwarrior project}},
  title  = {Taskwarrior - Feature-rich commandline To-Do list manager},
  year   = {Accesed 2025}, 
  url    = {https://taskwarrior.org/}
}

@misc{Taiga,
  author = {{Taiga Agile, LLC}},
  title  = {Taiga: Agile Project Management Tool},
  year   = {Accesed 2025}, 
  url    = {https://www.taiga.io/}
}

@misc{GitHub,
  author = {{GitHub, Inc.}},
  title  = {GitHub: Where the world builds software},
  year   = {Accesed 2025}, 
  url    = {https://github.com/}
}

@misc{SourceHut,
  author = {Drew DeVault and contributors},
  title  = {SourceHut: The hacker's forge},
  year   = {Accesed 2025}, 
  url    = {https://sourcehut.org/}
}

@misc{ConventionalCommits,
  title  = {Conventional Commits},
  year   = {Accesed 2025}, 
  url    = {https://www.conventionalcommits.org/}
}

@misc{BrownStructurizr,
  author = {Brown, Simon},
  title  = {Structurizr},
  year   = {Accesed 2025}, 
  url    = {https://structurizr.com/}
}

@misc{PlantUML,
  author = {{PlantUML Team}},
  title  = {PlantUML: UML diagramming tool},
  year   = {Accesed 2025}, 
  url    = {https://plantuml.com/}
}

@misc{ISO9126,
  author = {{International Organization for Standardization}},
  title  = {ISO/IEC 9126-1:2001 Software engineering -- Product quality -- Part 1: Quality model},
  year   = {2001},
  note   = {Superseded by ISO/IEC 25010:2011, but 9126 is often still referenced historically.},
  url    = {https://www.iso.org/standard/22749.html}
}